@INPROCEEDINGS{Baccianella10sentiwordnet,
    author = {Stefano Baccianella and Andrea Esuli and Fabrizio Sebastiani},
    title = {SentiWordNet 3.0: An Enhanced Lexical Resource for Sentiment Analysis and Opinion Mining},
    booktitle = {in Proc. of LREC},
    year = {2010}
}

@INPROCEEDINGS{Pang02thumbsup,
    author = {Bo Pang and Lillian Lee and Shivakumar Vaithyanathan},
    title = {Thumbs up? Sentiment Classification using Machine Learning Techniques},
    booktitle = {IN PROCEEDINGS OF EMNLP},
    year = {2002},
    pages = {79--86},
    publisher = {}
}

@INPROCEEDINGS{Mullen04sentimentanalysis,
    author = {Tony Mullen and Nigel Collier},
    title = {Sentiment analysis using support vector machines with diverse information sources},
    booktitle = {In Proceedings of Conference on Empirical Methods in Natural Language Processing},
    year = {2004}
}

@article{Miller,
 author = {Miller, George A.},
 title = {WordNet: A Lexical Database for English},
 journal = {Commun. ACM},
 issue_date = {Nov. 1995},
 volume = {38},
 number = {11},
 month = nov,
 year = {1995},
 issn = {0001-0782},
 pages = {39--41},
 numpages = {3},
 url = {http://doi.acm.org/10.1145/219717.219748},
 doi = {10.1145/219717.219748},
 acmid = {219748},
 publisher = {ACM},
 address = {New York, NY, USA},
} 

@ARTICLE{Deerwester90indexingby,
    author = {Scott Deerwester and Susan T. Dumais and George W. Furnas and Thomas K. Landauer and Richard Harshman},
    title = {Indexing by latent semantic analysis},
    journal = {JOURNAL OF THE AMERICAN SOCIETY FOR INFORMATION SCIENCE},
    year = {1990},
    volume = {41},
    number = {6},
    pages = {391--407}
}